@inproceedings{ramakrishnan2014beating,
  title={'Beating the news' with EMBERS: Forecasting civil unrest using open source indicators},
  author={Ramakrishnan, Naren and Butler, Patrick and Muthiah, Sathappan and Self, Nathan and Khandpur, Rupinder and Saraf, Parang and Wang, Wei and Cadena, Jose and Vullikanti, Anil and Korkmaz, Gizem and others},
  booktitle={Proceedings of the 20th ACM SIGKDD international conference on Knowledge discovery and data mining},
  pages={1799--1808},
  year={2014},
  organization={ACM}
}

@inproceedings{swearingen2001beyond,
  title={Beyond algorithms: An HCI perspective on recommender systems},
  author={Swearingen, Kirsten and Sinha, Rashmi},
  booktitle={ACM SIGIR 2001 Workshop on Recommender Systems},
  volume={13},
  number={5-6},
  pages={1--11},
  year={2001},
  organization={Citeseer}
}

@article{grothoff2016nsa,
  title={The NSA’s SKYNET program may be killing thousands of innocent people},
  author={Grothoff, Christian and Porup, Jens},
  journal={HAL Inria},
  year={2016}
}

@inproceedings{peersman2011predicting,
  title={Predicting age and gender in online social networks},
  author={Peersman, Claudia and Daelemans, Walter and Van Vaerenbergh, Leona},
  booktitle={Proceedings of the 3rd international workshop on
             Search and mining user-generated contents},
  pages={37--44},
  year={2011},
  organization={ACM}
}

@article{turdakov2013opredelenie,
  title={Определение демографических атрибутов пользователей микроблогов},
  author={Турдаков, Денис and Недумов, Ярослав and Астраханцев,
          Никита and Чуприна, Кристина and Гомзин, Андрей and
          Белобородов, Иван and Коршунов, Антон},
  journal={Труды Института системного программирования РАН},
  volume={25},
  year={2013},
  pages={179--192},
  publisher={Федеральное государственное бюджетное учреждение науки
             Институт системного программирования Российской академии наук}
}

@article{schwartz2013personality,
  title={Personality, gender, and age in the language of social media:
         The open-vocabulary approach},
  author={Schwartz, H Andrew and Eichstaedt,
          Johannes C and Kern, Margaret L and Dziurzynski,
          Lukasz and Ramones, Stephanie M and Agrawal,
          Megha and Shah, Achal and Kosinski, Michal
          and Stillwell, David and Seligman, Martin EP and others},
  journal={PloS one},
  volume={8},
  number={9},
  pages={e73791},
  year={2013},
  publisher={Public Library of Science}
}

@article{blachnio2015facebook,
  title={Facebook use and chronotype: Results of a cross-sectional study},
  author={Blachnio, Agata and Przepiorka, Aneta and D{\'\i}az-Morales, Juan F},
  journal={Chronobiology international},
  volume={32},
  number={9},
  pages={1315--1319},
  year={2015},
  publisher={Taylor \& Francis}
}

@article{trusov2010determining,
  title={Determining influential users in internet social networks},
  author={Trusov, Michael and Bodapati, Anand V and Bucklin, Randolph E},
  journal={Journal of Marketing Research},
  volume={47},
  number={4},
  pages={643--658},
  year={2010},
  publisher={American Marketing Association}
}

@article{bond201261,
  title={A 61-million-person experiment in social influence and political mobilization},
  author={Bond, Robert M and Fariss, Christopher J and Jones, Jason J and Kramer, Adam DI and Marlow, Cameron and Settle, Jaime E and Fowler, James H},
  journal={Nature},
  volume={489},
  number={7415},
  pages={295--298},
  year={2012},
  publisher={Nature Publishing Group}
}

@article{barbera2015tweeting,
  title={Tweeting From Left to Right Is Online Political Communication More Than an Echo Chamber?},
  author={Barber{\'a}, Pablo and Jost, John T and Nagler, Jonathan and Tucker, Joshua A and Bonneau, Richard},
  journal={Psychological science},
  pages={0956797615594620},
  year={2015},
  publisher={SAGE Publications}
}

@article{gruzd2014investigating,
  title={Investigating political polarization on Twitter: A Canadian perspective},
  author={Gruzd, Anatoliy and Roy, Jeffrey},
  journal={Policy \& Internet},
  volume={6},
  number={1},
  pages={28--45},
  year={2014},
  publisher={Wiley Online Library}
}

@article{bonica2013ideology,
  title={Ideology and interests in the political marketplace},
  author={Bonica, Adam},
  journal={American Journal of Political Science},
  volume={57},
  number={2},
  pages={294--311},
  year={2013},
  publisher={Wiley Online Library}
}

@article{lo2014common,
  title={A common left-right scale for voters and parties in Europe},
  author={Lo, James and Proksch, Sven-Oliver and Gschwend, Thomas},
  journal={Political Analysis},
  volume={22},
  number={2},
  pages={205--223},
  year={2014},
  publisher={SPM-PMSAPSA}
}

@article{yardi2010dynamic,
  title={Dynamic debates: An analysis of group polarization over time on twitter},
  author={Yardi, Sarita and Boyd, Danah},
  journal={Bulletin of Science, Technology \& Society},
  volume={30},
  number={5},
  pages={316--327},
  year={2010},
  publisher={Sage Publications}
}

@article{sloan2013knowing,
  title={Knowing the tweeters: Deriving sociologically relevant demographics from Twitter},
  author={Sloan, Luke and Morgan, Jeffrey and Housley, William and Williams, Matthew and Edwards, Adam and Burnap, Pete and Rana, Omer},
  journal={Sociological research online},
  volume={18},
  number={3},
  pages={7},
  year={2013}
}

@article{pennebaker2011your,
  title={Your use of pronouns reveals your personality.},
  author={Pennebaker, James W},
  journal={Harvard business review},
  volume={89},
  number={12},
  pages={32},
  year={2011}
}

@inproceedings{farseev2015harvesting,
  title={Harvesting multiple sources for user profile learning: a big data study},
  author={Farseev, Aleksandr and Nie, Liqiang and Akbari, Mohammad and Chua, Tat-Seng},
  booktitle={Proceedings of the 5th ACM on International Conference on Multimedia Retrieval},
  pages={235--242},
  year={2015},
  organization={ACM}
}

@inproceedings{zheleva2009join,
  title={To join or not to join: the illusion of privacy in social networks with mixed public and private user profiles},
  author={Zheleva, Elena and Getoor, Lise},
  booktitle={Proceedings of the 18th international conference on World wide web},
  pages={531--540},
  year={2009},
  organization={ACM}
}

@article{baluja2007boosting,
  title={Boosting sex identification performance},
  author={Baluja, Shumeet and Rowley, Henry A},
  journal={International Journal of computer vision},
  volume={71},
  number={1},
  pages={111--119},
  year={2007},
  publisher={Springer}
}

@article{christenson1988genre,
  title={Genre and gender in the structure of music preferences},
  author={Christenson, Peter G and Peterson, Jon Brian},
  journal={Communication Research},
  volume={15},
  number={3},
  pages={282--301},
  year={1988},
  publisher={Sage Publications}
}

@inproceedings{wu2014gender,
  title={Gender Identification and Age Estimation of Users Based on Music Metadata.},
  author={Wu, Ming-Ju and Jang, Jyh-Shing Roger and Lu, Chun-Hung},
  booktitle={ISMIR},
  pages={555--560},
  year={2014}
}

@inproceedings{liu2012inferring,
  title={Inferring personal traits from music listening history},
  author={Liu, Jen-Yu and Yang, Yi-Hsuan},
  booktitle={Proceedings of the second international ACM workshop on Music information retrieval with user-centered and multimodal strategies},
  pages={31--36},
  year={2012},
  organization={ACM}
}
